@book{books/mit/026233758,
  added-at = {2017-04-21T00:00:00.000+0200},
  author = {Alpaydin, Ethem},
  biburl = {https://www.bibsonomy.org/bibtex/2a3076863a24455f59c420e20a83f40a3/dblp},
  ee = {https://mitpress.mit.edu/books/machine-learning-1},
  interhash = {2df223705cbe95e7d6e9130a1323f356},
  intrahash = {a3076863a24455f59c420e20a83f40a3},
  isbn = {9780262529518},
  keywords = {dblp},
  publisher = {MIT Press},
  timestamp = {2017-04-22T11:40:45.000+0200},
  title = {Machine Learning: The New AI},
  year = 2016
}
@misc{CloudShift,
author={Pettey, Christy},
title={Cloud Shift Impacts all IT Markets},
howpublished = "\url{https://www.gartner.com/smarterwithgartner/cloud-shift-impacts-all-it-markets/}",
year = {2020},
note = "[Online; accessed 2021-09-05]"
}
@Book{kim2016the,
 author = {Kim, Gene},
 title = {The DevOps handbook : how to create world-class agility, reliability, \& security in technology organizations},
 publisher = {IT Revolution Press, LLC},
 year = {2016},
 address = {Portland, OR},
 isbn = {9781942788003}
}
@Book{sullivan2020official,
 author = {Sullivan, Dan},
 title = {Official Google Professional Cloud Architect : study guide},
 publisher = {Sybex, a Wiley brand},
 year = {2020},
 address = {Hoboken, NJ},
 isbn = {9781119602446}
}
@Book{burns2019kubernetes,
 author = {Burns, Brendan},
 title = {Kubernetes best practices : blueprints for building successful applications on Kubernetes},
 publisher = {O'Reilly Media},
 year = {2019},
 address = {Sebastopol, CA},
 isbn = {9781492056478}
}
